@Article{winkler,
  title = {Repulsively bound atom pairs in an optical lattice},
  author = {K.Winkler,  G. Thalhammer , F.Lang}
 journal = {Nature},
  volume = {441},
  pages = {853-856},
  year = {2006},
  month = {Apr},
}


@Article{Chin,
  title = {Feshbach resonances in ultracold gases},
  author = {Chin, Cheng  and Grimm, Rudolf  and Julienne, Paul  and Tiesinga, Eite },
  journal = {Rev. Mod. Phys.},
  volume = {82},
  number = {2},
  pages = {1225--1286},
  numpages = {61},
  year = {2010},
  month = {Apr},
  doi = {10.1103/RevModPhys.82.1225},
  publisher = {American Physical Society}
}

@Article{FedichevOptLatt,
  title = {Extended Molecules and Geometric Scattering Resonances in Optical Lattices},
  author = {Fedichev, P. O. and Bijlsma, M. J. and Zoller, P. },
  journal = {Phys. Rev. Lett.},
  volume = {92},
  number = {8},
  pages = {080401},
  numpages = {4},
  year = {2004},
  month = {Feb},
  doi = {10.1103/PhysRevLett.92.080401},
  publisher = {American Physical Society}
}

@Article{Greiner,
  title = {Quantum phase transition from a superfluid to a Mott insulator in a gas of 
ultracold atoms},
  author = {Greiner M., Mandel O., Esslinger T. , H\"{a}nsch T. W., Bloch I.},
  journal = {Nature},
  volume = {415},
  pages = {39-44},
  year = {2001},
  doi = {10.1038/415039a}
}


@Article{London,
  title = {The $\lambda$-Phenomenon of Liquid Helium and the Bose-Einstein Degeneracy},
  author = {London F.},
  journal = {Nature},
  volume = {141},
  pages = {643-644},
  year = {1938},
}

@Article{Huang,
  title = {Quantum-Mechanical Many-Body Problem with Hard-Sphere Interaction},
  author = {Huang, Kerson  and Yang, C. N.},
  journal = {Phys. Rev.},
  volume = {105},
  number = {3},
  pages = {767--775},
  numpages = {8},
  year = {1957},
  month = {Feb},
  doi = {10.1103/PhysRev.105.767},
  publisher = {American Physical Society}
}

@Article{Bloch,
  title = {Many-body physics with ultracold gases},
  author = {Bloch, Immanuel  and Dalibard, Jean  and Zwerger, Wilhelm },
  journal = {Rev. Mod. Phys.},
  volume = {80},
  number = {3},
  pages = {885--964},
  numpages = {79},
  year = {2008},
  month = {Jul},
  doi = {10.1103/RevModPhys.80.885},
  publisher = {American Physical Society}
}

@Article{Buchler,
  title = {Microscopic Derivation of Hubbard Parameters for Cold Atomic Gases},
  author = {B\"uchler, Hans Peter},
  journal = {Phys. Rev. Lett.},
  volume = {104},
  number = {9},
  pages = {090402},
  numpages = {4},
  year = {2010},
  month = {Mar},
  doi = {10.1103/PhysRevLett.104.090402},
  publisher = {American Physical Society}
}



@Article{Zhou,
  title = {Resonance Scattering in Optical Lattices and Molecules: Interband versus Intraband Effects},
  author = {Cui, Xiaoling  and Wang, Yupeng  and Zhou, Fei },
  journal = {Phys. Rev. Lett.},
  volume = {104},
  number = {15},
  pages = {153201},
  numpages = {4},
  year = {2010},
  month = {Apr},
  doi = {10.1103/PhysRevLett.104.153201},
  publisher = {American Physical Society}
}

@Article{L9,
  title = {Statistical Physics II},
  author = {Livshitz, Pitaevski}
}


@Article{Olshanii,
  title = {Atomic Scattering in the Presence of an External Confinement and a Gas of Inpenetrable Bosons},
  author = {M. Olshanii},
  journal = {Phys. Rev. Lett.},
  volume = {81},
  number = {5},
  pages = {938--941},
  year = {1998},
  month = {Aug},
  publisher = {American Physical Society}
}

@Article{Fedich,
  title = {Extended molecules and geometrical scattering resonances in optical lattices},
  author = {Fedichev},
  journal = {Phys. Rev. Lett.},
  volume = {81},
  number = {5},
  pages = {938-941},
  year = {2004},
  month = {Aug},
  publisher = {American Physical Society}
}


@Article{npairing,
  title = {n- pairing and off-diagonal long-range order in a Hubbard model},
  author = {Yang, Chen Ning},
  journal = {Phys. Rev. Lett.},
  volume = {63},
  number = {19},
  pages = {2144--2147},
  numpages = {3},
  year = {1989},
  month = {Nov},
  doi = {10.1103/PhysRevLett.63.2144},
  publisher = {American Physical Society}
}


@book{exposed,
  title = {Many-body Theory Exposed!: Propagator Description of Quantum Mechanics in Many-Body Systems, 2 Ed.},
  author = {W. H. Dickhoff, D. Van Neck},
  publisher = {World Scientific Publishing Co. Pte.},
  year = {2008}
}

@book{Zee,
  title = {Quantum field theory in a nutshell},
  author = {A. Zee},
  publisher = {Princeton Press},
  year = {2010}
}

@book{Landau3,
  title = {Quantum mechanics: non-relativistic theory},
  author = {Landau L.D., Lifshitz E.M.},
    publisher = {Elsevier Science},
  year = {1991}
}


@book{Pethick,
  title = {Bose-Einstein Condensation in Dilute Gases},
  author = {C.J. Pethick, H.Smith},
  publisher = {Cambridge University Press},
  year = {2002}
}


@Article{Bloch-nature,
  title = {Ultracold quantum gases in optical lattices},
  author = {I.Bloch}
  journal = {Nature Physics},  
  year = {2005},
  volume = {1},
  pages = {23-30},
}

@article{toolbox,
title = {The cold atom Hubbard toolbox},
author={D. Jaksch, P. Zoller},
journal = {Annals of Physics},
volume = {315},
number ={1},
pages = {52 - 79},
year = {2005},
}

@article{be-observed,
title = {Observation of Bose-Einstein Condensation in Dilute Atomic Vapor},
author={M. H. Anderson, J. R. Ensher, M. R. Matthews, C. E. Wieman and E. A. Cornell},
journal = {Science},
volume = {269},
number ={5221},
pages = {198-201},
year = {1995},
}

@article{opticallattice,
title = {Dynamics of Bose-Einstein condensates in optical lattices},
journal = {Rev. Mod. Phys.},
  author = {Morsch O. , Oberthaler M.},
volume = {78},
pages = {179-215},
year = {2006},
}

@article{shankar,
  title = {Renormalization-group approach to interacting fermions},
  author = {Shankar R. },
  journal = {Rev. Mod. Phys.},
  volume = {66},
  number = {1},
  pages = {129-192},
  numpages = {63},
  year = {1994},
}